@online{xamarin_platform,
title={Xamarin Overview},
publisher={Xamarin Inc.},
year={2017},
url={https://www.xamarin.com/platform},
urldate={2017-11-10}}

@online{xamarin_test,
title={Xamarin Test Cloud},
publisher={Xamarin Inc.},
year={2017},
url={https://www.xamarin.com/test-cloud},
urldate={2017-11-10}}

@online{corona_overview,
title={Corona Product},
publisher={Corona Labs Inc.},
year={2017},
url={https://coronalabs.com/product/},
urldate={2017-11-10}}

@online{appcelerator_overview,
title={mobile app development products},
publisher={Axway},
year={2017},
url={http://www.appcelerator.com/mobile-app-development-products/},
urldate={2017-11-10}}

@online{jetson_dev_kit,
title={Modules and Developer Kits},
publisher={NVIDIA},
year={2017},
url={http://www.nvidia.com/object/embedded-systems-dev-kits-modules.html},
urldate={2017-11-16}}